<?xml version="1.0" encoding="UTF-8"?><collection xmlns="http://www.loc.gov/MARC21/slim"><record><leader>00361nam--2200133-i-4500</leader><controlfield tag="001">000036271</controlfield><controlfield tag="002">20161230</controlfield><controlfield tag="005">20161230201040</controlfield><controlfield tag="008">060222s1000------------r-----000-0-eng-d</controlfield><datafield ind1=" " ind2=" " tag="080"><subfield code="a">595.7:539.12.04:57.088.6</subfield></datafield><datafield ind1=" " ind2=" " tag="100"><subfield code="a">O`Brien R.D., Wolfe,L.S</subfield></datafield><datafield ind1=" " ind2=" " tag="245"><subfield code="a">Radiation, radioactivity and insects</subfield></datafield><datafield ind1=" " ind2=" " tag="260"><subfield code="a">New York, Academic Press, 1964. Xv+211p</subfield></datafield><datafield ind1=" " ind2=" " tag="852"><subfield code="a">21744</subfield></datafield></record></collection>